<record><leader>00000cas a22000007a 4500</leader><controlfield tag="001">24292984</controlfield><controlfield tag="008">910826d18901911njuwr ne      0    0eng d</controlfield><datafield ind1=" " ind2=" " tag="010"><subfield code="a">sn 91064029 </subfield></datafield><datafield ind1=" " ind2=" " tag="040"><subfield code="a">NJW</subfield><subfield code="b">eng</subfield><subfield code="c">NJW</subfield><subfield code="d">OCL</subfield><subfield code="d">OCLCQ</subfield></datafield><datafield ind1="0" ind2="0" tag="245"><subfield code="a">Pleasantville weekly press.</subfield></datafield><datafield ind1=" " ind2=" " tag="260"><subfield code="a">Pleasantville, N.J. :</subfield><subfield code="b">Press Pub. Co.</subfield></datafield><datafield ind1=" " ind2=" " tag="300"><subfield code="a">v.</subfield></datafield><datafield ind1=" " ind2=" " tag="310"><subfield code="a">Weekly</subfield></datafield><datafield ind1="1" ind2=" " tag="362"><subfield code="a">Began in 1890.</subfield></datafield><datafield ind1="0" ind2=" " tag="362"><subfield code="a">20th year, no. 16 (Dec. 27, 1911).</subfield></datafield><datafield ind1=" " ind2=" " tag="500"><subfield code="a">Title varies slightly.</subfield></datafield><datafield ind1=" " ind2=" " tag="588"><subfield code="a">Description based on: Vol. 2, no. 33 (Sept. 14, 1892).</subfield></datafield><datafield ind1=" " ind2=" " tag="752"><subfield code="a">United States</subfield><subfield code="b">New Jersey</subfield><subfield code="c">Atlantic</subfield><subfield code="d">Pleasantville.</subfield></datafield><datafield ind1="0" ind2="0" tag="785"><subfield code="t">Pleasantville press (Pleasantville, N.J. : 1912)</subfield><subfield code="w">(DLC)sn 91064030</subfield><subfield code="w">(OCoLC)24293088</subfield></datafield></record>